@article{oltean2002multi,
  title={Multi expression programming},
  author={Oltean, Mihai and Dumitrescu, D},
  journal={Journal of Genetic Programming and Evolvable Machines, Kluwer, second tour of review},
  year={2002},
  publisher={Citeseer}
}
@phdthesis{唐勇2002基于遗传算法的排课系统,
	title={基于遗传算法的排课系统},
	author={唐勇 and 唐雪飞 and 王玲},
	year={2002}
}
@phdthesis{顾运筠2006遗传算法应用于排课问题中的教师安排最优化,
	title={遗传算法应用于排课问题中的教师安排最优化},
	author={顾运筠},
	year={2006}
}
@phdthesis{李大卫1998遗传算法与禁忌搜索算法的混合策略,
	title={遗传算法与禁忌搜索算法的混合策略},
	author={李大卫 and 王莉 and 王梦光},
	year={1998}
}
@article{gen2007genetic,
	title={Genetic algorithms},
	author={Gen, Mitsuo and Lin, Lin},
	journal={Wiley Encyclopedia of Computer Science and Engineering},
	pages={1--15},
	year={2007},
	publisher={Wiley Online Library}
}
@article{alavi2010multi,
	title={Multi expression programming: a new approach to formulation of soil classification},
	author={Alavi, Amir Hossein and Gandomi, Amir Hossein and Sahab, Mohammad Ghasem and Gandomi, Mostafa},
	journal={Engineering with Computers},
	volume={26},
	number={2},
	pages={111--118},
	year={2010},
	publisher={Springer}
}

@inproceedings{zhang2012predicting,
	title={Predicting cement compressive strength using double-layer multi-expression Programming},
	author={Zhang, Qingke and Yang, Bo and Wang, Lin and Zhu, Fuxiang},
	booktitle={2012 Fourth International Conference on Computational and Information Sciences},
	pages={94--97},
	year={2012},
	organization={IEEE}
}

@article{杨德军2017基于新高考的普通高中学生模拟选课调查及分析,
	title={基于新高考的普通高中学生模拟选课调查及分析},
	author={杨德军 and 黄晓玲},
	journal={教育科学研究},
	number={11},
	pages={48--53},
	year={2017}
}

@article{李金波2014高考学科表现的性别差异分析,
	title={高考学科表现的性别差异分析},
	author={李金波 and 杨军},
	journal={教育与考试,(6)},
	volume={5},
	number={10},
	year={2014}
}

@article{mantawy1999integrating,
	title={Integrating genetic algorithms, tabu search, and simulated annealing for the unit commitment problem},
	author={Mantawy, AH and Abdel-Magid, Youssef L and Selim, Shokri Z},
	journal={IEEE Transactions on Power systems},
	volume={14},
	number={3},
	pages={829--836},
	year={1999},
	publisher={IEEE}
}



